<?xml version="1.0"?>
<records>
  <record xmlns="http://www.loc.gov/MARC21/slim">
    <leader>02466cam a2200517Ia 4500</leader>
    <controlfield tag="005">20230120115427.0</controlfield>
    <controlfield tag="008">820204s1960    nyu      ck   000 0 eng d</controlfield>
    <controlfield tag="001">991003128809703811</controlfield>
    <datafield ind1=" " ind2=" " tag="035">
      <subfield code="a">(PPT)b56183604-01tuli_inst</subfield>
    </datafield>
    <datafield ind1=" " ind2=" " tag="035">
      <subfield code="a">(OCoLC)8126114</subfield>
      <subfield code="z">(OCoLC)27883485</subfield>
    </datafield>
    <datafield ind1=" " ind2=" " tag="035">
      <subfield code="a">(OCoLC)8126114</subfield>
    </datafield>
    <datafield ind1=" " ind2=" " tag="040">
      <subfield code="a">KSU</subfield>
      <subfield code="b">eng</subfield>
      <subfield code="c">KSU</subfield>
      <subfield code="d">OCLCQ</subfield>
      <subfield code="d">NYP</subfield>
      <subfield code="d">MVP</subfield>
      <subfield code="d">OCLCQ</subfield>
      <subfield code="d">OCLCF</subfield>
      <subfield code="d">PPT</subfield>
    </datafield>
    <datafield ind1=" " ind2=" " tag="043">
      <subfield code="a">n-us---</subfield>
    </datafield>
    <datafield ind1=" " ind2=" " tag="079">
      <subfield code="a">ocm08126114</subfield>
    </datafield>
    <datafield ind1=" " ind2=" " tag="090">
      <subfield code="a">ML128.A4</subfield>
      <subfield code="b">T48 1960</subfield>
    </datafield>
    <datafield ind1="2" ind2=" " tag="110">
      <subfield code="a">American Society of Composers, Authors and Publishers.</subfield>
      <subfield code="0">https://id.loc.gov/authorities/names/n81124488</subfield>
    </datafield>
    <datafield ind1="1" ind2="0" tag="245">
      <subfield code="a">30 years of motion picture music :</subfield>
      <subfield code="b">the big Hollywood hit tunes since 1928.</subfield>
    </datafield>
    <datafield ind1="3" ind2=" " tag="246">
      <subfield code="a">Thirty years of motion picture music</subfield>
    </datafield>
    <datafield ind1="3" ind2="0" tag="246">
      <subfield code="a">Big Hollywood hit tunes since 1928</subfield>
    </datafield>
    <datafield ind1=" " ind2="1" tag="264">
      <subfield code="a">New York :</subfield>
      <subfield code="b">American Society of Composers, Authors and Publishers,</subfield>
      <subfield code="c">[1960?]</subfield>
    </datafield>
    <datafield ind1=" " ind2=" " tag="300">
      <subfield code="a">135 pages, xv ;</subfield>
      <subfield code="c">28 cm</subfield>
    </datafield>
    <datafield ind1=" " ind2=" " tag="336">
      <subfield code="a">text</subfield>
      <subfield code="b">txt</subfield>
      <subfield code="2">rdacontent</subfield>
    </datafield>
    <datafield ind1=" " ind2=" " tag="337">
      <subfield code="a">unmediated</subfield>
      <subfield code="b">n</subfield>
      <subfield code="2">rdamedia</subfield>
    </datafield>
    <datafield ind1=" " ind2=" " tag="338">
      <subfield code="a">volume</subfield>
      <subfield code="b">nc</subfield>
      <subfield code="2">rdacarrier</subfield>
    </datafield>
    <datafield ind1=" " ind2=" " tag="500">
      <subfield code="a">Cover title.</subfield>
    </datafield>
    <datafield ind1=" " ind2=" " tag="500">
      <subfield code="a">Recordings arranged chronologically by year and alphabetically in the title index.</subfield>
    </datafield>
    <datafield ind1="1" ind2=" " tag="583">
      <subfield code="a">committed to retain</subfield>
      <subfield code="c">20220317</subfield>
      <subfield code="d">20310630</subfield>
      <subfield code="f">EAST</subfield>
      <subfield code="u">http://eastlibraries.org/retained-materials</subfield>
      <subfield code="5">PPT</subfield>
    </datafield>
    <datafield ind1=" " ind2="0" tag="650">
      <subfield code="a">Popular music</subfield>
      <subfield code="z">United States.</subfield>
      <subfield code="0">https://id.loc.gov/authorities/subjects/sh85088876</subfield>
    </datafield>
    <datafield ind1=" " ind2="7" tag="650">
      <subfield code="a">Popular music.</subfield>
      <subfield code="2">fast</subfield>
      <subfield code="0">https://id.worldcat.org/fast/1071422</subfield>
    </datafield>
    <datafield ind1=" " ind2="0" tag="650">
      <subfield code="a">Sound recordings</subfield>
      <subfield code="v">Catalogs.</subfield>
      <subfield code="0">https://id.loc.gov/authorities/subjects/sh85125394</subfield>
    </datafield>
    <datafield ind1=" " ind2="7" tag="650">
      <subfield code="a">Sound recordings.</subfield>
      <subfield code="2">fast</subfield>
      <subfield code="0">https://id.worldcat.org/fast/1127034</subfield>
    </datafield>
    <datafield ind1=" " ind2="0" tag="650">
      <subfield code="a">Motion picture music</subfield>
      <subfield code="0">https://id.loc.gov/authorities/subjects/sh85088056</subfield>
      <subfield code="v">Discography.</subfield>
      <subfield code="0">https://id.loc.gov/authorities/subjects/sh00007650</subfield>
    </datafield>
    <datafield ind1=" " ind2="7" tag="650">
      <subfield code="a">Motion picture music.</subfield>
      <subfield code="2">fast</subfield>
      <subfield code="0">https://id.worldcat.org/fast/1027201</subfield>
    </datafield>
    <datafield ind1=" " ind2="7" tag="651">
      <subfield code="a">United States.</subfield>
      <subfield code="2">fast</subfield>
      <subfield code="0">https://id.worldcat.org/fast/1204155</subfield>
    </datafield>
    <datafield ind1=" " ind2="7" tag="655">
      <subfield code="a">Catalogs.</subfield>
      <subfield code="2">fast</subfield>
      <subfield code="0">https://id.worldcat.org/fast/1423692</subfield>
    </datafield>
    <datafield ind1=" " ind2="7" tag="655">
      <subfield code="a">Discographies.</subfield>
      <subfield code="2">fast</subfield>
      <subfield code="0">https://id.worldcat.org/fast/1423883</subfield>
    </datafield>
    <datafield ind1=" " ind2="7" tag="655">
      <subfield code="a">Catalogs.</subfield>
      <subfield code="2">lcgft</subfield>
      <subfield code="0">https://id.loc.gov/authorities/genreForms/gf2014026057</subfield>
    </datafield>
    <datafield ind1=" " ind2="7" tag="655">
      <subfield code="a">Discographies.</subfield>
      <subfield code="2">lcgft</subfield>
      <subfield code="0">https://id.loc.gov/authorities/genreForms/gf2014026088</subfield>
    </datafield>
    <datafield ind1=" " ind2=" " tag="902">
      <subfield code="a">140702</subfield>
    </datafield>
    <datafield ind1=" " ind2=" " tag="902">
      <subfield code="a">MARCIVE-BF 20190703</subfield>
    </datafield>
    <datafield ind1=" " ind2=" " tag="904">
      <subfield code="a">MARCIVE-TEUM 20221209</subfield>
    </datafield>
    <datafield ind1=" " ind2=" " tag="907">
      <subfield code="a">.b56183604</subfield>
      <subfield code="b">k    </subfield>
      <subfield code="c">-</subfield>
    </datafield>
    <datafield ind1=" " ind2=" " tag="945">
      <subfield code="l">kstk </subfield>
      <subfield code="g">1</subfield>
    </datafield>
    <datafield ind1=" " ind2=" " tag="979">
      <subfield code="a">ocm08126114</subfield>
    </datafield>
    <datafield ind1=" " ind2=" " tag="998">
      <subfield code="b">0</subfield>
      <subfield code="c">140520</subfield>
      <subfield code="d">m</subfield>
      <subfield code="e">a</subfield>
      <subfield code="f">-</subfield>
      <subfield code="g">0</subfield>
    </datafield>
    <datafield ind1=" " ind2=" " tag="998">
      <subfield code="a">05/20/14</subfield>
      <subfield code="s">OCLC</subfield>
      <subfield code="c">cep </subfield>
    </datafield>
    <datafield ind1=" " ind2=" " tag="ADM">
      <subfield code="b">2023-02-19 19:00:39</subfield>
      <subfield code="e">b56183604-01tuli_inst</subfield>
      <subfield code="d">MARCIVE</subfield>
      <subfield code="f">20190608034513.0</subfield>
      <subfield code="a">2017-06-20 07:46:35</subfield>
      <subfield code="c">false</subfield>
    </datafield>
    <datafield ind1="0" ind2=" " tag="HLD">
      <subfield code="b">KARDON</subfield>
      <subfield code="c">p_remote</subfield>
      <subfield code="h">ML128.A4</subfield>
      <subfield code="i">T48 1960</subfield>
      <subfield code="8">22272141360003811</subfield>
      <subfield code="updated">2022-03-30 21:23:44</subfield>
      <subfield code="created">2017-06-20 07:46:35</subfield>
    </datafield>
    <datafield ind1=" " ind2=" " tag="ITM">
      <subfield code="r">22272141360003811</subfield>
      <subfield code="b">1</subfield>
      <subfield code="h">0</subfield>
      <subfield code="g">p_remote</subfield>
      <subfield code="t">BOOK</subfield>
      <subfield code="9">39074029684206</subfield>
      <subfield code="e">p_remote</subfield>
      <subfield code="8">23272141350003811</subfield>
      <subfield code="a">0</subfield>
      <subfield code="i">ML128.A4 T48 1960</subfield>
      <subfield code="updated">2022-09-28 23:24:51</subfield>
      <subfield code="q">2014-05-20 00:00:00</subfield>
      <subfield code="d">KARDON</subfield>
      <subfield code="f">KARDON</subfield>
    </datafield>
  </record>