
  <record xmlns="http://www.loc.gov/MARC21/slim">
    <leader>02154nam a2200505   4500</leader>
    <controlfield tag="005">20230120190627.0</controlfield>
    <controlfield tag="008">880425t19881988inu      b   s001 0 eng  </controlfield>
    <controlfield tag="001">991022348269703811</controlfield>
    <datafield ind1=" " ind2=" " tag="010">
      <subfield code="a">87045442</subfield>
    </datafield>
    <datafield ind1=" " ind2=" " tag="020">
      <subfield code="a">0253342155</subfield>
    </datafield>
    <datafield ind1=" " ind2=" " tag="035">
      <subfield code="a">(PPT)b14619210-01tuli_inst</subfield>
    </datafield>
    <datafield ind1=" " ind2=" " tag="035">
      <subfield code="a">PATG88-B08107</subfield>
    </datafield>
    <datafield ind1=" " ind2=" " tag="035">
      <subfield code="a">(OCoLC)16130131</subfield>
    </datafield>
    <datafield ind1=" " ind2=" " tag="040">
      <subfield code="b">eng</subfield>
      <subfield code="d">NhD</subfield>
      <subfield code="d">PPT</subfield>
    </datafield>
    <datafield ind1=" " ind2=" " tag="079">
      <subfield code="a">ocm16130131</subfield>
    </datafield>
    <datafield ind1=" " ind2=" " tag="090">
      <subfield code="a">ML128.B26F6 1988</subfield>
    </datafield>
    <datafield ind1="1" ind2=" " tag="100">
      <subfield code="a">Fletcher, Kristine Klopfenstein.</subfield>
      <subfield code="0">https://id.loc.gov/authorities/names/n86116137</subfield>
    </datafield>
    <datafield ind1="1" ind2="4" tag="245">
      <subfield code="a">The Paris Conservatoire and the contest solos for bassoon /</subfield>
      <subfield code="c">Kristine Klopfenstein Fletcher.</subfield>
    </datafield>
    <datafield ind1=" " ind2=" " tag="263">
      <subfield code="a">8804</subfield>
    </datafield>
    <datafield ind1=" " ind2="1" tag="264">
      <subfield code="a">Bloomington :</subfield>
      <subfield code="b">Indiana University Press,</subfield>
      <subfield code="c">[1988]</subfield>
    </datafield>
    <datafield ind1=" " ind2="4" tag="264">
      <subfield code="c">&#xA9;1988</subfield>
    </datafield>
    <datafield ind1=" " ind2=" " tag="300">
      <subfield code="a">x, 142 pages ;</subfield>
      <subfield code="c">25 cm</subfield>
    </datafield>
    <datafield ind1=" " ind2=" " tag="336">
      <subfield code="a">text</subfield>
      <subfield code="b">txt</subfield>
      <subfield code="2">rdacontent</subfield>
    </datafield>
    <datafield ind1=" " ind2=" " tag="337">
      <subfield code="a">unmediated</subfield>
      <subfield code="b">n</subfield>
      <subfield code="2">rdamedia</subfield>
    </datafield>
    <datafield ind1=" " ind2=" " tag="338">
      <subfield code="a">volume</subfield>
      <subfield code="b">nc</subfield>
      <subfield code="2">rdacarrier</subfield>
    </datafield>
    <datafield ind1=" " ind2=" " tag="500">
      <subfield code="a">Includes index.</subfield>
    </datafield>
    <datafield ind1=" " ind2=" " tag="504">
      <subfield code="a">Bibliography: page (111-114).</subfield>
    </datafield>
    <datafield ind1="1" ind2=" " tag="583">
      <subfield code="a">committed to retain</subfield>
      <subfield code="c">20220317</subfield>
      <subfield code="d">20310630</subfield>
      <subfield code="f">EAST</subfield>
      <subfield code="u">http://eastlibraries.org/retained-materials</subfield>
      <subfield code="5">PPT</subfield>
    </datafield>
    <datafield ind1=" " ind2="0" tag="650">
      <subfield code="a">Bassoon music</subfield>
      <subfield code="v">Bibliography.</subfield>
      <subfield code="0">https://id.loc.gov/authorities/subjects/sh85012266</subfield>
      <subfield code="0">https://id.loc.gov/authorities/subjects/sh99001362</subfield>
    </datafield>
    <datafield ind1=" " ind2="7" tag="650">
      <subfield code="a">Bassoon music.</subfield>
      <subfield code="2">fast</subfield>
      <subfield code="0">https://id.worldcat.org/fast/828563</subfield>
    </datafield>
    <datafield ind1="2" ind2="0" tag="610">
      <subfield code="a">Conservatoire national supe&#x301;rieur de musique.</subfield>
      <subfield code="0">https://id.loc.gov/authorities/names/n50055164</subfield>
    </datafield>
    <datafield ind1=" " ind2="7" tag="610">
      <subfield code="a">Conservatoire national supe&#x301;rieur de musique.</subfield>
      <subfield code="2">fast</subfield>
      <subfield code="0">https://id.worldcat.org/fast/513700</subfield>
    </datafield>
    <datafield ind1="2" ind2="7" tag="610">
      <subfield code="a">Conservatoire national supe&#x301;rieur de musique.</subfield>
      <subfield code="2">fast</subfield>
      <subfield code="0">https://id.worldcat.org/fast/513700</subfield>
    </datafield>
    <datafield ind1=" " ind2="7" tag="655">
      <subfield code="a">Bibliographies.</subfield>
      <subfield code="2">fast</subfield>
      <subfield code="0">https://id.worldcat.org/fast/1919895</subfield>
    </datafield>
    <datafield ind1=" " ind2="7" tag="655">
      <subfield code="a">Bibliographies.</subfield>
      <subfield code="2">lcgft</subfield>
      <subfield code="0">https://id.loc.gov/authorities/genreForms/gf2014026048</subfield>
    </datafield>
    <datafield ind1=" " ind2=" " tag="902">
      <subfield code="a">MARCIVE-BF 20190703</subfield>
    </datafield>
    <datafield ind1=" " ind2=" " tag="904">
      <subfield code="a">MARCIVE-TEUM 20221209</subfield>
    </datafield>
    <datafield ind1=" " ind2=" " tag="907">
      <subfield code="a">.b14619210</subfield>
      <subfield code="b">p    </subfield>
      <subfield code="c">-</subfield>
    </datafield>
    <datafield ind1=" " ind2=" " tag="935">
      <subfield code="a">00498560</subfield>
    </datafield>
    <datafield ind1=" " ind2=" " tag="945">
      <subfield code="l">pstk </subfield>
      <subfield code="g">1</subfield>
    </datafield>
    <datafield ind1=" " ind2=" " tag="950">
      <subfield code="l">P</subfield>
      <subfield code="i">04/25/88 N</subfield>
    </datafield>
    <datafield ind1=" " ind2=" " tag="955">
      <subfield code="l">P</subfield>
      <subfield code="c">0</subfield>
      <subfield code="i">04/25/88 C</subfield>
    </datafield>
    <datafield ind1=" " ind2=" " tag="979">
      <subfield code="a">ocm16130131</subfield>
    </datafield>
    <datafield ind1=" " ind2=" " tag="998">
      <subfield code="b">1</subfield>
      <subfield code="c">990101</subfield>
      <subfield code="d">m</subfield>
      <subfield code="e">a</subfield>
      <subfield code="f">-</subfield>
      <subfield code="g">4</subfield>
    </datafield>
    <datafield ind1=" " ind2=" " tag="998">
      <subfield code="a">04/25/88</subfield>
      <subfield code="t">c</subfield>
      <subfield code="s">9110</subfield>
      <subfield code="n">PPT</subfield>
      <subfield code="w">NHDG88B6161</subfield>
      <subfield code="d">04/25/88</subfield>
      <subfield code="b">AJG</subfield>
      <subfield code="i">880425</subfield>
      <subfield code="l">PATG</subfield>
    </datafield>
    <datafield ind1=" " ind2=" " tag="ADM">
      <subfield code="b">2023-02-20 00:53:53</subfield>
      <subfield code="e">b14619210-01tuli_inst</subfield>
      <subfield code="d">MARCIVE</subfield>
      <subfield code="f">20190607214815.0</subfield>
      <subfield code="a">2017-06-20 05:58:39</subfield>
      <subfield code="c">false</subfield>
    </datafield>
    <datafield ind1="0" ind2=" " tag="HLD">
      <subfield code="b">MAIN</subfield>
      <subfield code="c">stacks</subfield>
      <subfield code="h">ML128.B26F6 1988</subfield>
      <subfield code="8">22238850670003811</subfield>
      <subfield code="updated">2022-03-30 20:26:19</subfield>
      <subfield code="created">2017-06-20 05:58:39</subfield>
    </datafield>
    <datafield ind1=" " ind2=" " tag="ITM">
      <subfield code="r">22238850670003811</subfield>
      <subfield code="b">1</subfield>
      <subfield code="h">0</subfield>
      <subfield code="g">stacks</subfield>
      <subfield code="t">BOOK</subfield>
      <subfield code="9">39074005799317</subfield>
      <subfield code="e">stacks</subfield>
      <subfield code="8">23238850640003811</subfield>
      <subfield code="a">0</subfield>
      <subfield code="i">ML128.B26F6 1988</subfield>
      <subfield code="updated">2022-09-29 02:27:31</subfield>
      <subfield code="q">1999-02-11 00:00:00</subfield>
      <subfield code="d">MAIN</subfield>
      <subfield code="f">MAIN</subfield>
    </datafield>
  </record>