
  <record xmlns="http://www.loc.gov/MARC21/slim">
    <leader>00968cam a2200301   4500</leader>
    <controlfield tag="005">20190715232828.0</controlfield>
    <controlfield tag="008">700511c19711970nyu           000 0 eng  </controlfield>
    <controlfield tag="001">991018101989703811</controlfield>
    <datafield ind1=" " ind2=" " tag="020">
      <subfield code="a">0393005712</subfield>
    </datafield>
    <datafield ind1=" " ind2=" " tag="035">
      <subfield code="a">(PPT)b49061057-01tuli_inst</subfield>
    </datafield>
    <datafield ind1="0" ind2=" " tag="050">
      <subfield code="a">ML60</subfield>
      <subfield code="b">.S513</subfield>
    </datafield>
    <datafield ind1=" " ind2=" " tag="090">
      <subfield code="a">ML 60 .S513 1971</subfield>
    </datafield>
    <datafield ind1="1" ind2=" " tag="100">
      <subfield code="a">Sessions, Roger,</subfield>
      <subfield code="d">1896-1985.</subfield>
      <subfield code="0">https://id.loc.gov/authorities/names/n82039539</subfield>
    </datafield>
    <datafield ind1="1" ind2="0" tag="245">
      <subfield code="a">Questions about music.</subfield>
    </datafield>
    <datafield ind1=" " ind2=" " tag="260">
      <subfield code="a">New York :</subfield>
      <subfield code="b">W.W. Norton &amp; Co.,</subfield>
      <subfield code="c">1971, c1970.</subfield>
    </datafield>
    <datafield ind1=" " ind2=" " tag="300">
      <subfield code="a">166 pages ;</subfield>
      <subfield code="c">20 cm</subfield>
    </datafield>
    <datafield ind1=" " ind2=" " tag="336">
      <subfield code="a">text</subfield>
      <subfield code="b">txt</subfield>
      <subfield code="2">rdacontent</subfield>
    </datafield>
    <datafield ind1=" " ind2=" " tag="337">
      <subfield code="a">unmediated</subfield>
      <subfield code="b">n</subfield>
      <subfield code="2">rdamedia</subfield>
    </datafield>
    <datafield ind1=" " ind2=" " tag="338">
      <subfield code="a">volume</subfield>
      <subfield code="b">nc</subfield>
      <subfield code="2">rdacarrier</subfield>
    </datafield>
    <datafield ind1=" " ind2="0" tag="650">
      <subfield code="a">Music.</subfield>
      <subfield code="0">https://id.loc.gov/authorities/subjects/sh85088762</subfield>
    </datafield>
    <datafield ind1=" " ind2="7" tag="650">
      <subfield code="a">Music.</subfield>
      <subfield code="2">fast</subfield>
      <subfield code="0">https://id.worldcat.org/fast/1030269</subfield>
    </datafield>
    <datafield ind1=" " ind2=" " tag="902">
      <subfield code="a">111025</subfield>
    </datafield>
    <datafield ind1=" " ind2=" " tag="902">
      <subfield code="a">MARCIVE-BF 20190703</subfield>
    </datafield>
    <datafield ind1=" " ind2=" " tag="904">
      <subfield code="a">MARCIVE-TEUM 20221209</subfield>
    </datafield>
    <datafield ind1=" " ind2=" " tag="907">
      <subfield code="a">.b49061057</subfield>
      <subfield code="b">jt   </subfield>
      <subfield code="c">-</subfield>
    </datafield>
    <datafield ind1=" " ind2=" " tag="915">
      <subfield code="a">39646</subfield>
    </datafield>
    <datafield ind1=" " ind2=" " tag="945">
      <subfield code="l">jtcas</subfield>
      <subfield code="g">1</subfield>
    </datafield>
    <datafield ind1=" " ind2=" " tag="998">
      <subfield code="b">1</subfield>
      <subfield code="c">110807</subfield>
      <subfield code="d">m</subfield>
      <subfield code="e">a</subfield>
      <subfield code="f">-</subfield>
      <subfield code="g">0</subfield>
    </datafield>
    <datafield ind1=" " ind2=" " tag="ADM">
      <subfield code="b">2023-02-20 01:34:11</subfield>
      <subfield code="e">b49061057-01tuli_inst</subfield>
      <subfield code="d">MARCIVE</subfield>
      <subfield code="f">20190607211912.0</subfield>
      <subfield code="a">2017-06-20 07:39:23</subfield>
      <subfield code="c">false</subfield>
    </datafield>
    <datafield ind1="0" ind2=" " tag="HLD">
      <subfield code="b">JAPAN</subfield>
      <subfield code="c">stacks</subfield>
      <subfield code="h">ML 60 .S513 1971</subfield>
      <subfield code="8">22270148270003811</subfield>
      <subfield code="created">2017-06-20 07:39:23</subfield>
    </datafield>
    <datafield ind1=" " ind2=" " tag="ITM">
      <subfield code="r">22270148270003811</subfield>
      <subfield code="b">1</subfield>
      <subfield code="h">0</subfield>
      <subfield code="g">stacks</subfield>
      <subfield code="t">BOOK</subfield>
      <subfield code="9">31982070237229</subfield>
      <subfield code="e">stacks</subfield>
      <subfield code="8">23270148260003811</subfield>
      <subfield code="a">0</subfield>
      <subfield code="i">ML 60 .S513 1971</subfield>
      <subfield code="updated">2017-06-20 07:39:55</subfield>
      <subfield code="q">2011-08-03 00:00:00</subfield>
      <subfield code="d">JAPAN</subfield>
      <subfield code="f">JAPAN</subfield>
    </datafield>
  </record>
</records>
